%%%%%%%%%%%%%% Beamer Theme %%%%%%%%%%%%%%
@misc{latex_bearmer_template,
  author       = {drocheam},
  howpublished = {Online},
  title        = {About LaTeX Beamer Template in TH Koeln Style},
  year         = {https://github.com/drocheam/th-koeln-beamer-template}
}

%%%%%%%%%%%%% Website %%%%%%%%%%%%%


@misc{Advisory_Database,
  year        = {2020},
  howpublished = {Online},
  title        = {GitHub advisory database},
  note         = {https://github.com/advisories},
  keywords     = {web}
}

@misc{PyYaml,
  year        = {2020},
  howpublished = {Online},
  title        = {PyYAML: The next generation YAML parser and emitter for Python},
  note         = {https://github.com/yaml/pyyaml/},
  keywords     = {web}
}

@misc{Paramiko,
  year        = {2020},
  howpublished = {Online},
  title        = {Paramiko: The leading native Python SSHv2 protocol library},
  note         = {https://github.com/paramiko/paramiko/},
  keywords     = {web}
}

@misc{CVE-2017-18342,
  year        = {2017},
  howpublished = {Online},
  title        = {CVE-2017-18342},
  note         = {https://nvd.nist.gov/vuln/detail/CVE-2017-18342},
  keywords     = {web}
}

@misc{CVE-2018-7750,
  year        = {2018},
  howpublished = {Online},
  title        = {CVE-2018-7750},
  note         = {https://nvd.nist.gov/vuln/detail/CVE-2018-7750},
  keywords     = {web}
}


%%%%%%%%% Information Sources

@INPROCEEDINGS{9402076,
  author={Salis, Vitalis and Sotiropoulos, Thodoris and Louridas, Panos and Spinellis, Diomidis and Mitropoulos, Dimitris},
  booktitle={2021 IEEE/ACM 43rd International Conference on Software Engineering (ICSE)}, 
  title={PyCG: Practical Call Graph Generation in Python}, 
  year={2021},
  volume={},
  number={},
  pages={1646-1657},
  doi={10.1109/ICSE43902.2021.00146},
  keywords={inf}
}


%%%%%%%%% Additional Literature

@book{felleisen2009semantics,
  title={Semantics engineering with PLT Redex},
  author={Felleisen, Matthias and Findler, Robert Bruce and Flatt, Matthew},
  year={2009},
  publisher={Mit Press},
  keywords={add}
}

@article{madsen2017model,
  title={A model for reasoning about JavaScript promises},
  author={Madsen, Magnus and Lhot{\'a}k, Ond{\v{r}}ej and Tip, Frank},
  journal={Proceedings of the ACM on Programming Languages},
  volume={1},
  number={OOPSLA},
  pages={1--24},
  year={2017},
  publisher={ACM New York, NY, USA},
  keywords={add}
}